@ARTICLE{5392560,
author={A. L. Samuel},
journal={IBM Journal of Research and Development},
title={Some Studies in Machine Learning Using the Game of Checkers},
year={1959},
volume={3},
number={3},
pages={210-229},
keywords={},
doi={10.1147/rd.33.0210},
ISSN={0018-8646},
month={July},}

@MISC{Sutton98reinforcementlearning,
    author = {Richard S. Sutton and Andrew G. Barto},
    title = {Reinforcement Learning I: Introduction},
    year = {1998}
}

@ARTICLE{Kato,
author={N. Kato and Z. M. Fadlullah and B. Mao and F. Tang and O. Akashi and T. Inoue and K. Mizutani},
journal={IEEE Wireless Communications},
title={The Deep Learning Vision for Heterogeneous Network Traffic Control: Proposal, Challenges, and Future Perspective},
year={2017},
volume={24},
number={3},
pages={146-153},
keywords={learning (artificial intelligence);neural nets;telecommunication computing;telecommunication network routing;telecommunication traffic;deep learning;heterogeneous network traffic control;large-scale heterogeneous networks;machine learning;supervised deep neural network system;Google;Heterogeneous networks;Machine learning;Neural networks;Routing;Speech recognition;Telecommunication traffic},
doi={10.1109/MWC.2016.1600317WC},
ISSN={1536-1284},
month={},}

@misc{mininext,
  title = {{MinineXt}},
  howpublished = {\url{http://mininext.uscnsl.net/}},
}

@misc{mininet,
title = {{Mininet}},
howpublished = {\url{http://mininet.org/}},
}

@misc{quagga,
title = {Quagga},
howpublished = {\url{http://www.nongnu.org/quagga/}},
}

@misc{karpathy,
author = {Andrej Karpathy},
title = {Software 2.0},
howpublished = {\url{https://medium.com/@karpathy/software-2-0-a64152b37c35}},
}

@conference {facebook_LB,
author = {Patrick Shuff},
title = {Building A Billion User Load Balancer},
year = {2015},
address = {Dublin},
publisher = {{USENIX} Association},
}

@INPROCEEDINGS{malmos,
author={H. Eom and R. Figueiredo and H. Cai and Y. Zhang and G. Huang},
booktitle={2015 3rd IEEE International Conference on Mobile Cloud Computing, Services, and Engineering},
title={MALMOS: Machine Learning-Based Mobile Offloading Scheduler with Online Training},
year={2015},
pages={51-60},
keywords={Bayes methods;Java;learning (artificial intelligence);mobile computing;pattern classification;scheduling;software maintenance;Android-based prototype;DPartner;Java-based offloading-capable code refactoring framework;MALMOS;application-dependent parameters;classification time;classifier training time;flexible policy;instance-based learning;linear equation-based scheduling policies;machine learning-based mobile offloading scheduler;machine learning-based runtime scheduler;naive Bayes;online machine learning techniques;online training;online training mechanism;perceptron;scheduling accuracy;static scheduling cases;static scheduling policies;threshold-based scheduling policies;Accuracy;Dynamic scheduling;Mobile communication;Processor scheduling;Runtime;Training;computation offloading;machine learning;mobile platform;online training;runtime scheduler},
doi={10.1109/MobileCloud.2015.19},
month={March},}

@inproceedings{catalog,
 author = {Lewis, Grace A. and Lago, Patricia},
 title = {A Catalog of Architectural Tactics for Cyber-Foraging},
 booktitle = {Proceedings of the 11th International ACM SIGSOFT Conference on Quality of Software Architectures},
 series = {QoSA '15},
 year = {2015},
 isbn = {978-1-4503-3470-9},
 location = {Montr\&\#233;al, QC, Canada},
 pages = {53--62},
 numpages = {10},
 url = {http://doi.acm.org/10.1145/2737182.2737188},
 doi = {10.1145/2737182.2737188},
 acmid = {2737188},
 publisher = {ACM},
 address = {New York, NY, USA},
 keywords = {architectural tactics, cyber-foraging, mobile cloud computing, mobile computing, software architecture},
} 

@ARTICLE{deep_learning_heterogeneus,
author={N. Kato and Z. M. Fadlullah and B. Mao and F. Tang and O. Akashi and T. Inoue and K. Mizutani},
journal={IEEE Wireless Communications},
title={The Deep Learning Vision for Heterogeneous Network Traffic Control: Proposal, Challenges, and Future Perspective},
year={2017},
volume={24},
number={3},
pages={146-153},
keywords={learning (artificial intelligence);neural nets;telecommunication computing;telecommunication network routing;telecommunication traffic;deep learning;heterogeneous network traffic control;large-scale heterogeneous networks;machine learning;supervised deep neural network system;Google;Heterogeneous networks;Machine learning;Neural networks;Routing;Speech recognition;Telecommunication traffic},
doi={10.1109/MWC.2016.1600317WC},
ISSN={1536-1284},
month={},}

@INPROCEEDINGS{end-to-end,
author={V. Bui and W. Zhu and A. Pescape and A. Botta},
booktitle={2007 12th IEEE Symposium on Computers and Communications},
title={Long Horizon End-to-End Delay Forecasts: A Multi-Step-Ahead Hybrid Approach},
year={2007},
pages={825-832},
keywords={Internet;discrete wavelet transforms;mean square error methods;multilayer perceptrons;pattern recognition;telecommunication computing;telecommunication traffic;time series;Internet;background traffic;delay time series;discrete wavelet transforms;k-nearest neighbors technique;long horizon end-to-end delay forecasting;multi-step-ahead hybrid approach;neural network;pattern recognition;real heterogeneous networks;recurrent multi-layered perceptron neural network;root mean square error;Delay effects;Discrete wavelet transforms;Multi-layer neural network;Multilayer perceptrons;Neural networks;Pattern recognition;Propagation delay;Recurrent neural networks;Telecommunication traffic;Wavelet coefficients},
doi={10.1109/ISCC.2007.4381513},
ISSN={1530-1346},
month={July},}


@inproceedings{hyperprofile_undersubmission:,
    author = {Andrew Crutcher and Caleb Kochy and Kyle Colemanz and Jon Patmanx and Flavio Esposito and Prasad Calyamx},
    title = {UNDER SUBMISSION: Hyperprofile-based Computation Offloading forMobile Edge Networks},
    keywords = {Knowledge-defined networking, machine learning, computation offloading, mobile edge networks, k-Nearest Neighbor},
    year = {2017},
}

@inproceedings{edge_cloud_offloading_undersubmission:,
    author = {Jianyu Wang and Jianli Pan and Flavio Esposito and Prasad Calyam and Zhicheng Yang and Prasant Mohapatra},
    title = {UNDER SUBMISSION: Edge Cloud Offloading Algorithms: Issues, Methods and Perspectives},
    keywords = {Internet of Things, Edge cloud, Mobile computing, Cloud computing, Offloading algorithms},
    year = {2017}
}